@Book{ch2:Sanders:2010:CEI,
  author =	"J. Sanders and E. Kandrot",
  title =	"{CUDA} by example: an introduction to general-purpose
		 {GPU} programming",
  publisher =	"Ad{\-d}i{\-s}on-Wes{\-l}ey",
  address =	"pub-AW:adr",
  pages =	"xix + 290",
  year = 	"2010",
  LCCN = 	"QA76.76.A65",
}


@Article{ch2:journals/ijhpca/Dongarra02,
  title =	"Basic Linear Algebra Subprograms Technical (Blast)
		 Forum Standard (1)",
  author =	"Jack Dongarra",
  journal =	"IJHPCA",
  year = 	"2002",
  number =	"1",
  volume =	"16",
  bibdate =	"2009-11-11",
  bibsource =	"DBLP,
		 http://dblp.uni-trier.de/db/journals/ijhpca/ijhpca16.html#Dongarra02",
  pages =	"1--111",
}
