@misc{ch1:cuda,
  author = {{NVIDIA Corporation}},
  keywords = {CUDA},
  note = {Version 4.0},
  title = {{NVIDIA CUDA C} Programming Guide},
  year = 2011
}

@Article{ch1:Buck:2004:BGS,
  author =	"I. Buck and T. Foley and D. Horn and J.
		 Sugerman and K. Fatahalian and M. Houston and P.
		 Hanrahan",
  title =	"{Brook} for {GPUs}: stream computing on graphics
		 hardware",
  journal =	"ACM Transactions on Graphics",
  volume =	"23",
  number =	"3",
  pages =	"777--786",
  month =	aug,
  year = 	"2004",
}


@article{ch1:CMR:12,
     author    = "B. Cloutier and B. K. Muite and P. Rigge",
     title     = "A comparison of CPU and GPU performance for Fourier pseudospectral simulations of the Navier-Stokes, Cubic Nonlinear Schr√∂dinger and Sine Gordon Equations",
     journal   = "Computational Physics (physics.comp-ph)",
     year      = "2012",
     archivePrefix = "arXiv",
     eprint        = "1206.3215",
     primaryClass  = "physics.comp-ph",
}



