@article{Gonnella97,
  author = {G. Gonnella and E. Orlandini and J.M. Yeomans},
  title = {},
  journal = {Phys. Rev. Lett.},
  volume = {78},
  pages = {1695--1698},
  year = {1997},
},
@article{Gonnella98,
  author = {G. Gonnella and E. Orlandini and J.M. Yeomans},
  title = {},
  journal = {Phys. Rev. E},
  volume = {58},
  pages = {480--485},
  year = {1998},
},
@article{Xu03,
  author = {A. Xu and G. Gonnella and A. Lamura},
  title = {},
  journal = {Phys. Rev. E},
  volume = {67},
  pages = {056105},
  year = {2003},
},
@article{Xu05,
  author = {A. Xu and  G. Gonnella and A. Lamura and G. Amati and F. Massaioli},
  title = {},
  journal = {Europhys. Lett.},
  volume = {71},
  pages = {651--657},
  year = {2005},
},
@article{Xu06a,
  author = {A. Xu and G. Gonnella and A. Lamura},
  title = {},
  journal = {Physica A},
  volume = {362},
  pages = {42--47},
  year = {2006},
},
@article{Xu06b,
  author = {A. Xu and G. Gonnella},
  title = {},
  journal = {Phys. Rev. E},
  volume = {74},
  pages = {011505},
  year = {2006},
},
@article{Lu08,
  author = {C.-Y.-D. Lu and P. Chen and Y. Ishii and S. Komura and T. Kato},
  title = {},
  journal = {Eur. Phys. J. E},
  volume = {25},
  pages = {91--101},
  year = {2008},
},
@article{Fredrickson89,
  author = {G.H. Fredrickson and K. Binder},
  title = {},
  journal = {J. Chem. Phys.},
  volume = {91},
  pages = {7265--7275},
  year = {1989},
},
@article{Leibler80,
  author = {L. Leibler},
  title = {},
  journal = {Macromolecules},
  volume = {13},
  pages = {1602--1617},
  year = {1980},
},
@article{Brazovskii75,
  author = {S.A. Brazovskii},
  title = {},
  journal = {Sov. Phys. JETP},
  volume = {68},
  pages = {175--185},
  year = {1975},
},
@article{Evans79,
  author = {R. Evans},
  title = {},
  journal = {Adv. Phys.},
  volume = {28},
  pages = {143--200},
  year = {1979},
},
@book{deGennes,
  author = {P. G. de Gennes and J. Prost},
  title = {The Physics of Liquid Crystals (2nd Edition)},
  publisher = {Clarendon Press},
  address = {Oxford},
  edition = {},
  year = {1993},
},
@article{Swift96,
  author = {M.R. Swift and E. Orlandini and W.R. Osborn and J.M. Yeomans},
  title = {},
  journal = {Phys. Rev. E},
  volume = {54},
  pages = {5041-5052},
  year = {1996},
},
@book{Succi,
  author = {S. Succi},
  title = {The Lattice Boltzman Equation},
  publisher = {Oxford University Press},
  address = {Oxford},
  edition = {},
  year = {2001},
},
@article{dHumieres02,
  author = {D. d'Humieres and I. Ginzburg  and M. Krafczyk and P. Lallemand and LS Luo},
  title = {},
  journal = {Philos. T. Roy. Soc. A},
  volume = {360},
  pages = {1792},
  year = {2002},
},
@article{Adhikari05,
  author = {R. Adhikari and K. Stratford and M.E. Cates and A.J. Wagner},
  title = {},
  journal = {Europhys. Lett.},
  volume = {71},
  pages = {473--479},
  year = {2005},
},
@article{Wagner02,
  author = {A.J. Wagner and I. Pagonabarraga},
  title = {},
  journal = {J. Stat. Phys.},
  volume = {107},
  pages = {521--537},
  year = {2002},
},
@misc{FFTW,
  title = {Fastest Fourier Transform in the West},
  note = {http://www.fftw.org/},
},
@article{Kendon01,
  author = {V.M. Kendon and M.E. Cates and I. Pagonabarraga and J.C. Desplat and P. Bladon},
  title = {},
  journal = {J. Fluid Mech.},
  volume = {440},
  pages = {147--203},
  year = {2001},
},
@article{Saksena09a,
  author = {R.S. Saksena and P.V. Coveney},
  title = {},
  journal = {Soft Matter},
  volume = {5},
  pages = {4446-4463},
  year = {2009},
},
@article{Saksena09b,
  author = {R.S. Saksena and P.V. Coveney},
  title = {},
  journal = {Proc. R. Soc. London, Ser. A},
  volume = {465},
  pages = {1977-2002},
  year = {2009},
},
@article{Cates89,
  author = {M.E. Cates and S.T. Milner},
  title = {},
  journal = {Phys. Rev. Lett.},
  volume = {62},
  pages = {1856-1859},
  year = {1989},
},
@article{Iwashita07,
  author = {Y. Iwashita and H. Tanaka},
  title = {},
  journal = {Phys. Rev. Lett.},
  volume = {98},
  pages = {145703},
  year = {2007},
},
@article{Diat93,
  author = {O. Diat and D. Roux},
  title = {},
  journal = {J. Phys. II (France)},
  volume = {3},
  pages = {9},
  year = {1993},
},
@article{Gomati87,
  author = {R. Gomati et al.},
  title = {},
  journal = {J. Phys. Chem.},
  volume = {91},
  pages = {6203},
  year = {1987},
},
@article{Boltenhagen92,
  author = {P. Boltenhagen et al.},
  title = {},
  journal = { Phys. Rev. A},
  volume = {46},
  pages = {R1743},
  year = {1992},
},
@article{Fournier94,
  author = {J. B. Fournier and G. Durand},
  title = {},
  journal = {J. Phys. II (France)},
  volume = {4},
  pages = {975},
  year = {1994},
},
@article{Ramos04,
  author = {L. Ramos et al.},
  title = {},
  journal = {Europhys. Lett.},
  volume = {66},
  pages = {888},
  year = {2004},
},
@article{Bates90,
  author = {F. Bates and G.H. Fredrickson},
  title = {},
  journal = {Ann. Rev. Phys. Chem.},
  volume = {41},
  pages = {525--557},
  year = {1990},
},
@article{Fredrickson96,
  author = {G.H. Fredrickson and F. Bates},
  title = {},
  journal = {Ann. Rev. Mat. Sci.},
  volume = {26},
  pages = {501--550},
  year = {1996},
},
@article{Koppi93,
  author = {K.A. Koppi, M. Tirrell, F.S. Bates},
  title = {},
  journal = {Phys. Rev. Lett.},
  volume = {70},
  pages = {1449--1452},
  year = {1993},
},
@article{Fredrickson94,
  title={},
  author={G. H. Fredrickson},
  journal={J. Rheol.},
  volume={38},
  pages={1045},
  year={1994}
}
@article{Panizza96,
  title={},
  author={P. Panizza and D. Roux and V. Vuillaume  and C.Y.D. Lu  and M.E. Cates},
  journal={Langmuir},
  volume={12},
  number={2},
  pages={248--252},
  year={1996},
}
@article{Hamley99,
  title={},
  author={I.W. Hamley and P. Davidson and A.J. Gleeson},
  journal={Polymer},
  volume={40},
  number={12},
  pages={3599--3603},
  year={1999},
}
@article{Larson93,
  title={},
  author={Larson, RG and Winey, KI and Patel, SS and Watanabe, H and Bruinsma, R},
  journal={Rheol. Acta},
  volume={32},
  number={3},
  pages={245--253},
  year={1993},
}
@article{leesedwards,
  author = {Lees, AW and Edwards, SF},
  title = {The computer study of transport processes under extreme conditions},
  journal = {J. Phys. C: Solid State Phys.},
  volume = {5},
  pages = {1921-1929},
  year = {1972},
},
@article{Soddemann2004,
  author = {Soddemann, T and Auernhammer, GK and Guo, H and D\"unweg, B and Kremer, K},
  title = {Shear-induced undulation of smectic-A: Molecular dynamics simulation vs. analytical theory},
  journal = {Eur. Phys. J. E},
  volume = {12},
  pages = {141-151},
  year = {2004},
},
@article{Guo2002,
  author = {Guo, H and Kremer, K and Soddemann, T},
  title = {Nonequilibrium molecular dynamics simulation of shear-induced alignment of amphiphilic model systems},
  journal = {Phys. Rev. E},
  volume = {66},
  pages = {061503},
  year = {2002},
},
@article{Stewart2009,
  author = {Stewart, IW and Stewart, F},
  title = {Shear flow in smectic A liquid crystals},
  journal = {J. Phys. Condens. Mat.},
  volume = {21},
  pages = {465101},
  year = {2009},
},
@article{Kumaran2001,
  author = {Kumaran, V and Jariwala, SK and Hussain, S},
  title = {Rheology of a lamellar liquid crystalline phase using the lattice Boltzmann simulation technique},
  journal = {Chem. Eng. Sci.},
  volume = {56},
  pages = {5663-5673},
  year = {2001},
},
@article{Kumaran2011,
  author = {Kumaran, V and Raman, DSS},
  title = {Shear alignement of a disordered lamellar mesophase},
  journal = {Phys. Rev. E},
  volume = {83},
  pages = {031501},
  year = {2011},
},
@article{Olmsted08,
  author = {Olmsted, P D},
  title = {},
  journal = {Rheol. Acta},
  volume = {47},
  pages = {283-300},
  year = {2008},
},
@book{Larson,
  author = {Larson, R.G.},
  title = {The Structure and Rheology of Complex Fluids },
  publisher = {OUP},
  address = {Oxford},
  year = {1999},
},
@book{Gompper,
  author = {Gompper, G and Schick, M},
  title = {Phase Transitions and Critical Phenomena},
  volume = {16},
  publisher = {C. Domb and J.L. Lebowitz Eds., Academic Press},
  address = {New York},
  year = {1994},
},
@article{Gradzielski03,
  author = {Gradzielski, M},
  title = {},
  journal = {J. Phys. Condens. Matter},
  volume = {15},
  pages = {R655-R697},
  year = {2003},
},
@article{Zilman99,
  author = {Zilman, AG and Granek, R},
  title = {},
  journal = {Eur. Phys. J. B},
  volume = {11},
  pages = {593-608},
  year = {1999},
},
@article{Courbin02,
  author = {Courbin, L and Delville, JP and Rouch, J and Panizza, P},
  title = {},
  journal = {Phys. Rev. Lett.},
  volume = {89},
  pages = {148305},
  year = {2002},
},
@article{Zipfel99,
  author = {Zipfel, J and Berghause, J and Lindner, P and Richtering,W},
  title = {},
  journal = {J. Phys. Chem. B},
  volume = {103},
  pages = {2841-2849},
  year = {1999},
},
@article{Leon00,
  author = {Leon, A and Bonn, D and Meunier, J and Al-Kahlwaji, A and Greffer, O and Kellay, H},
  title = {},
  journal = {Phys. Rev. Lett.},
  volume = {84},
  pages = {1355-1338},
  year = {2000},
},
@article{Cencini07,
  author = {M. Cencini and  D. Diacono and G. Gonnella},
  title = {},
  journal = {Europhys. Lett.},
  volume = {79},
  pages = {26004},
  year = {2007},
},
@article{Marenduzzo07,
author = {Marenduzzo, D. and Orlandini, E. and Cates, M.E. and Yeomans, J.M.},
title={},
journal = {Phys. Rev. E},
volume = {76},
pages = {031921},
year = {2007},
},
@article{Henrich10a,
author = {Henrich, O. and Marenduzzo, D. and Stratford, K. and Cates, M.E.},
title={},
journal = {Phys. Rev. E},
year = {2010},
volume = {81},
number = {},
pages = {031706},
},
@article{Henrich10b,
author = {Henrich, O. and Stratford, K. and Marenduzzo, D. and Cates, M.E.},
title={},
journal = {Proc. Natl. Acad. Sci. USA},
year = {2010},
volume = {107},
number = {},
pages = {13212-13215},
},
@article{Henrich11a,
author = {Henrich, O. and Stratford, K. and Marenduzzo, D. and Cates, M.E.},
title={},
journal = {Phys. Rev. Lett.},
year = {2011},
volume = {106},
number = {},
pages = {107801},
},
@article{Yang76,
  author = {AJM Yang and PD Fleming and JH Gibbs},
  title = {},
  journal = {J. Chem. Phys.},
  volume = {64},
  pages = {3732},
  year = {1976},
},
@article{Cates04,
  author = {Cates, ME and Stratford, K and Adhikari, R and Stansell, P and Desplat, JC and Pagonabarraga, I and Wagner, AJ },
  title = {},
  journal = {J. Phys. Condens. Matter},
  volume = {16},
  pages = {S3903},
  year = {2004},
},
@article{Cates09,
  author = {Cates, ME and Henrich, O and Marenduzzo, D and Stratford, K},
  title = {},
  journal = {Soft Matter},
  volume = {5},
  pages = {3791-3800},
  year = {2009},
},
@book{ChaikinLubensky,
  author = {Chaikin, P.M. and Lubensky, T.C.},
  title = {Principles of condensed matter physics},
  publisher = {Cambridge University Press},
  address = {Cambridge},
  edition = {},
  year = {1995},
},
@article{,
  author = {},
  title = {},
  journal = {},
  volume = {},
  pages = {},
  year = {},
},
