@article{Olmsted:1999,
author = {Olmsted, P.D. and Lu, C.Y.D.},
title={},
journal = {Phys. Rev. E},
year = {1999},
volume = {60},
pages = {4397-4415}
},
@book{Beris:1994,
author = {Beris, A.N. and Edwards, B.J.},
title = {Thermodynamics of Flowing Systems},
publisher = {Oxford University Press},
year = {1994}
},
@article{Wagner:2002,
author = {Wagner, A.J. and Pagonabarraga, I.},
title={},
journal = {J. Stat. Phys.},
year = {2002},
volume = {107},
number = {1-2},
pages = {521-537}
},
@article{Denniston:2001,
author = {Denniston, C. and Orlandini, E. and Yeomans, J.M.},
title={},
journal = {Phys. Rev. E},
year = {2001},
volume = {63},
number = {},
pages = {056702}
},
@article{Denniston:2004,
author = {Denniston, C. and Marenduzzo, D. and Orlandini, E. and Yeomans, J.M.},
title={},
journal = {Philos. Trans. R. Soc. London, Ser. A},
year = {2004},
volume = {362},
number = {},
pages = {1745}
},
@article{Dupuis:2005,
author = {Dupuis, A. and Marenduzzo, D. and Orlandini, E. and Yeomans, J.M.},
title={},
journal = {Phys. Rev. Lett.},
volume = {95},
number = {},
pages = {097801},
year = {2005},
},
@article{Orlandini:2007,
author = {Orlandini, E. and Marenduzzo, D. and Yeomans, J.M.},
title={},
journal = {Mol. Cryst. Liq. Cryst.},
year = {2007},
volume = {465},
number = {},
pages = {1-14}
},
@article{Henrich:2010a,
author = {Henrich, O. and Marenduzzo, D. and Stratford, K. and Cates, M.E.},
title={},
journal = {Phys. Rev. E},
year = {2010},
volume = {81},
number = {},
pages = {031706},
},
@article{Henrich:2010b,
author = {Henrich, O. and Stratford, K. and Marenduzzo, D. and Cates, M.E.},
title={},
journal = {Proc. Natl. Acad. Sci. USA},
year = {2010},
volume = {107},
number = {},
pages = {13212-13215},
},
@article{Henrich:2011a,
author = {Henrich, O. and Stratford, K. and Marenduzzo, D. and Cates, M.E.},
title={},
journal = {Phys. Rev. Lett.},
year = {2011},
volume = {106},
number = {},
pages = {107801},
},
@article{Henrich:2012,
author = {Henrich, O. and Stratford, K. and Marenduzzo, D. and Coveney, P.V. and Cates, M.E.},
title={Rheology of Cubic Blue Phases},
journal = {in preparation},
year = {},
volume = {},
number = {},
pages = {},
},
@book{deGennes,
author = {de Gennes, P.G. and Prost, J.},
title = {The Physics of Liquid Crystals (2nd Edition)},
publisher = {Clarendon Press},
address = {Oxford},
edition = {},
year = {1993}
},
@book{Succi,
author = {Succi, S.},
title = {The Lattice Boltzman Equation},
publisher = {Oxford University Press},
address = {Oxford},
edition = {},
year = {2001},
},
@article{Adhikari:2005,
author = {Adhikari, R. and Stratford, K. and Cates, M.E. and Wagner, A.J.},
journal = {Europhys. Lett.},
volume = {71},
pages = {473--479},
year = {2005},
},
@article{Rey:1996a,
author = {Rey, A.D.},
title={},
journal = {Phys. Rev. E},
volume = {53},
pages = {4198-4201},
year = {1996},
},
@article{Rey:1996b,
author = {Rey, A.D.},
title={},
journal = {J. Non-Newtonian Fluid Mech.},
volume = {64},
pages = {207-227},
year = {1996},
},
@article{Rey:2000,
author = {Rey, A.D.},
title={},
journal = {J. Rheol.},
volume = {44},
pages = {855},
year = {2000},
},
@article{Rey:2002,
author = {Rey, A.D.},
title={},
journal = {J. Rheol.},
volume = {46},
pages = {225},
year = {2002},
},
@article{Marenduzzo:2006a,
author = {Marenduzzo, D. and Orlandini, E. and Yeomans, J.M.},
title={},
journal = {Phys. Rev. Lett.},
volume = {92},
pages = {188301},
year = {2004},
},
@article{Marenduzzo:2006b,
author = {Marenduzzo, D. and Orlandini, E. and Yeomans, J.M.},
title={},
journal = {J. Chem. Phys.},
volume = {124},
pages = {204906},
year = {2006},
},
@article{Marenduzzo:2007,
author = {Marenduzzo, D. and Orlandini, E. and Cates, M.E. and Yeomans, J.M.},
title={},
journal = {Phys. Rev. E},
volume = {76},
pages = {031921},
year = {2007},
},
@article{Alexander:2006,
author = {Alexander, G.P. and Yeomans, J.M.},
title={},
journal = {Phys. Rev. E},
volume = {74},
pages = {061706},
year = {2006},
},
@article{Alexander:2008,
author = {Alexander, G. P. and Marenduzzo, D.},
title={},
journal = {EPL},
volume = {81},
pages = {66004},
year = {2008},
},

@article{Coles:2005,
author = {H.J. Coles and M.N. Pivnenko},
title={},
journal = {Nature},
volume = {436},
pages = {997-1000},
year = {2005},
},
@article{Kikuchi:2002,
author = {H. Kikuchi and M. Yokota and Y. Hisakado and H. Yang and T. Kajiyama},
title={},
journal = {Nat. Mater.},
volume = {1},
pages = {64-68},
year = {2002},
},
@article{Ravnik:2011a,
author = {M. Ravnik and G.P. Alexander and J.M. Yeomans and S. Zumer},
journal = {Proc. Natl. Acad. Sci. USA},
volume = {108},
pages = {5188-5192},
year = {2011},
},
@article{Ravnik:2011b,
author = {M. Ravnik and G.P. Alexander and J.M. Yeomans and S. Zumer},
journal = {Soft Matter},
volume = {7},
pages = {10144-10150},
year = {2011},
},
@article{Fukuda:2009,
author = {J. Fukuda and M. Yoneya and H. Yokoyama},
journal = {Phys. Rev. E},
volume = {80},
pages = {031706},
year = {2009},
},
@article{Fukuda:2010a,
author = {J. Fukuda and S. Zumer},
journal = {Phys. Rev. Lett.},
volume = {104},
pages = {017801},
year = {2010},
},
@article{Fukuda:2010b,
author = {J. Fukuda and S. Zumer},
journal = {Liq. Cryst.},
volume = {37},
pages = {875-885},
year = {2010},
},
@article{Zapotocky:1999,
author = {Zapotocky, M. and Ramos, L. and Lubensky, T.C. and Weitz, D.A.},
title={},
journal = {Science},
volume = {283},
pages = {209},
year = {1999},
},
@article{Ramos:2002,
author = {Ramos, L. and Zapotocky, M. and Lubensky, T.C. and Weitz, D.A.},
title={},
journal = {Phys. Rev. E},
volume = {66},
pages = {031711},
year = {2002},
},
@article{Wright:1989,
author = {D.C. Wright and N.D. Mermin},
title={},
journal = {Rev. Mod. Phys.},
volume = {61},
pages = {385},
year = {1989},
},
@article{Grebel:1984,
author = {H. Grebel, R.M. Hornreich, S. Shtrikman},
title={},
journal = {Phys. Rev. A},
volume = {30},
pages = {3264},
year = {1984},
},
@article{Helfrich:1969,
author = {W. Helfrich},
title={},
journal = {Phys. Rev. Lett.},
volume = {23},
pages = {372},
year = {1969},
},
@article{Castles:2010,
author = {Castles, F. and Morris, S.M. and Terentjev, E.M. and Coles, H.J.},
title={},
journal = {Phys. Rev. Lett.},
volume = {104},
pages = {157801},
year = {2010},
}
@article{Tiribocchi:2011,
author = {Tiribocchi, A and Gonnella, G and Marenduzzo, D and Orlandini, E},
title={},
journal = {Soft Matter},
volume = {7},
pages = {3295},
year = {2011},
},
