@article{Olmsted:1999,
Author = {Olmsted, PD and Lu, CYD},
Title = {Phase separation of rigid-rod suspensions in shear flow},
Journal = {Phys. Rev. E},
Year = {1999},
Volume = {60},
Number = {4, Part b},
Pages = {4397-4415}}
@book{Beris:1994,
Author = {Beris, AN and Edwards, BJ},
Title = {Thermodynamics of Flowing Systems},
Publisher = {Oxford University Press},
Year = {1994}}
@article{Wagner:2002,
Author = {Wagner, AJ and Pagonabarraga, I},
Title = {Lees-Edwards boundary conditions for lattice Boltzmann},
Journal = {J. Stat. Phys.},
Year = {2002},
Volume = {107},
Number = {1-2},
Pages = {521-537}}
@article{Denniston:2004,
Author = {Denniston, C and Marenduzzo, D and Orlandini, E and Yeomans, JM},
Title = {},
Journal = {Philos. Trans. R. Soc. London, Ser. A},
Year = {2004},
Volume = {362},
Number = {},
Pages = {1745}}
@article{Marenduzzo:2008,
Author = {},
Title = {},
Journal = {},
Year = {},
Volume = {},
Number = {},
Pages = {}}
@article{Alexander:2006,
Author = {},
Title = {},
Journal = {},
Year = {},
Volume = {},
Number = {},
Pages = {}}
@article{Henrich:2011b,
Author = {},
Title = {},
Journal = {},
Year = {},
Volume = {},
Number = {},
Pages = {}}

